timestamp,datetime,best_bid,best_ask,bid_volume,ask_volume
1755824410,2025-08-21 21:00:10,0.5078,0.5079,0.00,0.00
1755824417,2025-08-21 21:00:17,0.5075,0.5076,0.00,0.00
1755824422,2025-08-21 21:00:22,0.5072,0.5073,0.00,0.00
1755824423,2025-08-21 21:00:23,0.5072,0.5073,0.00,0.00
1755824429,2025-08-21 21:00:29,0.5074,0.5075,0.00,0.00
1755824431,2025-08-21 21:00:31,0.5074,0.5075,0.00,0.00
1755824437,2025-08-21 21:00:37,0.5074,0.5075,0.00,0.00
1755824438,2025-08-21 21:00:38,0.5074,0.5075,0.00,0.00
1755824444,2025-08-21 21:00:44,0.5075,0.5076,0.00,0.00
1755824445,2025-08-21 21:00:45,0.5077,0.5078,0.00,0.00
1755824451,2025-08-21 21:00:51,0.5077,0.5078,0.00,0.00
1755824453,2025-08-21 21:00:53,0.5077,0.5078,0.00,0.00
1755824458,2025-08-21 21:00:58,0.5079,0.5080,0.00,0.00
1755824460,2025-08-21 21:01:00,0.5079,0.5080,0.00,0.00
1755824466,2025-08-21 21:01:06,0.5078,0.5079,0.00,0.00
1755824467,2025-08-21 21:01:07,0.5078,0.5079,0.00,0.00
1755824473,2025-08-21 21:01:13,0.5078,0.5079,0.00,0.00
1755824474,2025-08-21 21:01:14,0.5078,0.5079,0.00,0.00
1755824480,2025-08-21 21:01:20,0.5081,0.5082,0.00,0.00
1755824481,2025-08-21 21:01:21,0.5081,0.5082,0.00,0.00
1755824487,2025-08-21 21:01:27,0.5083,0.5084,0.00,0.00
1755824489,2025-08-21 21:01:29,0.5083,0.5084,0.00,0.00
1755824494,2025-08-21 21:01:34,0.5084,0.5085,0.00,0.00
1755824496,2025-08-21 21:01:36,0.5084,0.5085,0.00,0.00
1755824502,2025-08-21 21:01:42,0.5085,0.5086,0.00,0.00
1755824503,2025-08-21 21:01:43,0.5086,0.5087,0.00,0.00
1755824510,2025-08-21 21:01:50,0.5086,0.5087,0.00,0.00
1755824511,2025-08-21 21:01:51,0.5086,0.5087,0.00,0.00
1755824517,2025-08-21 21:01:57,0.5086,0.5087,0.00,0.00
1755824518,2025-08-21 21:01:58,0.5086,0.5087,0.00,0.00
1755824525,2025-08-21 21:02:05,0.5086,0.5087,0.00,0.00
1755824526,2025-08-21 21:02:06,0.5086,0.5087,0.00,0.00
1755824532,2025-08-21 21:02:12,0.5082,0.5083,0.00,0.00
1755824533,2025-08-21 21:02:13,0.5082,0.5083,0.00,0.00
1755824539,2025-08-21 21:02:19,0.5081,0.5082,0.00,0.00
1755824541,2025-08-21 21:02:21,0.5081,0.5082,0.00,0.00
1755824547,2025-08-21 21:02:27,0.5080,0.5082,0.00,0.00
1755824549,2025-08-21 21:02:29,0.5080,0.5082,0.00,0.00
1755824554,2025-08-21 21:02:34,0.5082,0.5083,0.00,0.00
1755824556,2025-08-21 21:02:36,0.5082,0.5083,0.00,0.00
1755824562,2025-08-21 21:02:42,0.5082,0.5083,0.00,0.00
1755824563,2025-08-21 21:02:43,0.5082,0.5083,0.00,0.00
1755824569,2025-08-21 21:02:49,0.5083,0.5084,0.00,0.00
1755824571,2025-08-21 21:02:51,0.5082,0.5083,0.00,0.00
1755824577,2025-08-21 21:02:57,0.5082,0.5083,0.00,0.00
1755824578,2025-08-21 21:02:58,0.5082,0.5083,0.00,0.00
1755824584,2025-08-21 21:03:04,0.5082,0.5083,0.00,0.00
1755824586,2025-08-21 21:03:06,0.5082,0.5083,0.00,0.00
1755824592,2025-08-21 21:03:12,0.5082,0.5083,0.00,0.00
1755824593,2025-08-21 21:03:13,0.5084,0.5085,0.00,0.00
1755824599,2025-08-21 21:03:19,0.5085,0.5086,0.00,0.00
1755824601,2025-08-21 21:03:21,0.5085,0.5086,0.00,0.00
1755824606,2025-08-21 21:03:26,0.5088,0.5089,0.00,0.00
1755824608,2025-08-21 21:03:28,0.5088,0.5089,0.00,0.00
1755824614,2025-08-21 21:03:34,0.5086,0.5087,0.00,0.00
1755824615,2025-08-21 21:03:35,0.5086,0.5087,0.00,0.00
1755824621,2025-08-21 21:03:41,0.5085,0.5086,0.00,0.00
1755824623,2025-08-21 21:03:43,0.5085,0.5086,0.00,0.00
1755824629,2025-08-21 21:03:49,0.5085,0.5086,0.00,0.00
1755824630,2025-08-21 21:03:50,0.5085,0.5086,0.00,0.00
1755824636,2025-08-21 21:03:56,0.5084,0.5085,0.00,0.00
1755824638,2025-08-21 21:03:58,0.5084,0.5085,0.00,0.00
1755824643,2025-08-21 21:04:03,0.5083,0.5084,0.00,0.00
1755824645,2025-08-21 21:04:05,0.5083,0.5084,0.00,0.00
1755824651,2025-08-21 21:04:11,0.5082,0.5083,0.00,0.00
1755824652,2025-08-21 21:04:12,0.5082,0.5083,0.00,0.00
1755824658,2025-08-21 21:04:18,0.5083,0.5084,0.00,0.00
1755824660,2025-08-21 21:04:20,0.5082,0.5083,0.00,0.00
1755824665,2025-08-21 21:04:25,0.5081,0.5082,0.00,0.00
1755824667,2025-08-21 21:04:27,0.5081,0.5082,0.00,0.00
1755824673,2025-08-21 21:04:33,0.5080,0.5081,0.00,0.00
1755824674,2025-08-21 21:04:34,0.5080,0.5081,0.00,0.00
1755824681,2025-08-21 21:04:41,0.5080,0.5081,0.00,0.00
1755824682,2025-08-21 21:04:42,0.5079,0.5080,0.00,0.00
1755824688,2025-08-21 21:04:48,0.5080,0.5081,0.00,0.00
1755824689,2025-08-21 21:04:49,0.5080,0.5081,0.00,0.00
1755824695,2025-08-21 21:04:55,0.5079,0.5080,0.00,0.00
1755824697,2025-08-21 21:04:57,0.5079,0.5080,0.00,0.00
1755824703,2025-08-21 21:05:03,0.5079,0.5080,0.00,0.00
1755824704,2025-08-21 21:05:04,0.5079,0.5080,0.00,0.00
1755824710,2025-08-21 21:05:10,0.5077,0.5078,0.00,0.00
1755824712,2025-08-21 21:05:12,0.5077,0.5078,0.00,0.00
1755824718,2025-08-21 21:05:18,0.5076,0.5077,0.00,0.00
1755824719,2025-08-21 21:05:19,0.5076,0.5077,0.00,0.00
1755824725,2025-08-21 21:05:25,0.5076,0.5077,0.00,0.00
1755824727,2025-08-21 21:05:27,0.5076,0.5077,0.00,0.00
1755824733,2025-08-21 21:05:33,0.5076,0.5077,0.00,0.00
1755824734,2025-08-21 21:05:34,0.5076,0.5077,0.00,0.00
1755824740,2025-08-21 21:05:40,0.5075,0.5076,0.00,0.00
1755824742,2025-08-21 21:05:42,0.5073,0.5074,0.00,0.00
1755824748,2025-08-21 21:05:48,0.5073,0.5074,0.00,0.00
1755824749,2025-08-21 21:05:49,0.5073,0.5074,0.00,0.00
1755824755,2025-08-21 21:05:55,0.5070,0.5071,0.00,0.00
1755824756,2025-08-21 21:05:56,0.5071,0.5072,0.00,0.00
1755824762,2025-08-21 21:06:02,0.5070,0.5072,0.00,0.00
1755824764,2025-08-21 21:06:04,0.5070,0.5072,0.00,0.00
1755824770,2025-08-21 21:06:10,0.5073,0.5074,0.00,0.00
1755824771,2025-08-21 21:06:11,0.5073,0.5074,0.00,0.00
1755824777,2025-08-21 21:06:17,0.5074,0.5075,0.00,0.00
1755824779,2025-08-21 21:06:19,0.5074,0.5075,0.00,0.00
1755824785,2025-08-21 21:06:25,0.5070,0.5071,0.00,0.00
1755824786,2025-08-21 21:06:26,0.5070,0.5071,0.00,0.00
1755824792,2025-08-21 21:06:32,0.5069,0.5071,0.00,0.00
1755824793,2025-08-21 21:06:33,0.5069,0.5071,0.00,0.00
1755824800,2025-08-21 21:06:40,0.5070,0.5071,0.00,0.00
1755824801,2025-08-21 21:06:41,0.5067,0.5068,0.00,0.00
1755824807,2025-08-21 21:06:47,0.5066,0.5067,0.00,0.00
1755824809,2025-08-21 21:06:49,0.5066,0.5067,0.00,0.00
1755824814,2025-08-21 21:06:54,0.5066,0.5067,0.00,0.00
1755824816,2025-08-21 21:06:56,0.5066,0.5067,0.00,0.00
1755824822,2025-08-21 21:07:02,0.5066,0.5067,0.00,0.00
1755824823,2025-08-21 21:07:03,0.5066,0.5067,0.00,0.00
1755824829,2025-08-21 21:07:09,0.5066,0.5067,0.00,0.00
1755824831,2025-08-21 21:07:11,0.5066,0.5067,0.00,0.00
1755824837,2025-08-21 21:07:17,0.5066,0.5067,0.00,0.00
1755824838,2025-08-21 21:07:18,0.5066,0.5067,0.00,0.00
1755824844,2025-08-21 21:07:24,0.5065,0.5066,0.00,0.00
1755824845,2025-08-21 21:07:25,0.5063,0.5064,0.00,0.00
1755824850,2025-08-21 21:07:30,0.5058,0.5060,0.00,0.00
1755825316,2025-08-21 21:15:16,0.5050,0.5051,0.00,0.00
1755825323,2025-08-21 21:15:23,0.5056,0.5057,0.00,0.00
1755825327,2025-08-21 21:15:27,0.5058,0.5059,0.00,0.00
1755826206,2025-08-21 21:30:06,0.5077,0.5078,0.00,0.00
1755826212,2025-08-21 21:30:12,0.5078,0.5079,0.00,0.00
1755826217,2025-08-21 21:30:17,0.5079,0.5080,0.00,0.00
1755826218,2025-08-21 21:30:18,0.5079,0.5080,0.00,0.00
1755826223,2025-08-21 21:30:23,0.5079,0.5080,0.00,0.00
1755826224,2025-08-21 21:30:24,0.5079,0.5080,0.00,0.00
1755826229,2025-08-21 21:30:29,0.5076,0.5077,0.00,0.00
1755826230,2025-08-21 21:30:30,0.5076,0.5077,0.00,0.00
1755826235,2025-08-21 21:30:35,0.5075,0.5076,0.00,0.00
1755826236,2025-08-21 21:30:36,0.5075,0.5076,0.00,0.00
1755826241,2025-08-21 21:30:41,0.5075,0.5076,0.00,0.00
1755826242,2025-08-21 21:30:42,0.5075,0.5076,0.00,0.00
1755826247,2025-08-21 21:30:47,0.5075,0.5076,0.00,0.00
1755826249,2025-08-21 21:30:49,0.5073,0.5074,0.00,0.00
1755826254,2025-08-21 21:30:54,0.5073,0.5074,0.00,0.00
1755826255,2025-08-21 21:30:55,0.5071,0.5072,0.00,0.00
1755826260,2025-08-21 21:31:00,0.5071,0.5072,0.00,0.00
1755826261,2025-08-21 21:31:01,0.5072,0.5073,0.00,0.00
1755826266,2025-08-21 21:31:06,0.5072,0.5073,0.00,0.00
1755826267,2025-08-21 21:31:07,0.5070,0.5071,0.00,0.00
1755826272,2025-08-21 21:31:12,0.5070,0.5071,0.00,0.00
1755826273,2025-08-21 21:31:13,0.5071,0.5072,0.00,0.00
1755826278,2025-08-21 21:31:18,0.5071,0.5072,0.00,0.00
1755826279,2025-08-21 21:31:19,0.5071,0.5072,0.00,0.00
1755826284,2025-08-21 21:31:24,0.5071,0.5072,0.00,0.00
1755826285,2025-08-21 21:31:25,0.5071,0.5072,0.00,0.00
1755826291,2025-08-21 21:31:31,0.5071,0.5072,0.00,0.00
1755826292,2025-08-21 21:31:32,0.5070,0.5071,0.00,0.00
1755826297,2025-08-21 21:31:37,0.5073,0.5074,0.00,0.00
1755826298,2025-08-21 21:31:38,0.5073,0.5074,0.00,0.00
1755826303,2025-08-21 21:31:43,0.5071,0.5072,0.00,0.00
1755826304,2025-08-21 21:31:44,0.5071,0.5072,0.00,0.00
1755826309,2025-08-21 21:31:49,0.5071,0.5072,0.00,0.00
1755826310,2025-08-21 21:31:50,0.5071,0.5072,0.00,0.00
1755826315,2025-08-21 21:31:55,0.5073,0.5074,0.00,0.00
1755826316,2025-08-21 21:31:56,0.5073,0.5074,0.00,0.00
1755826322,2025-08-21 21:32:02,0.5073,0.5074,0.00,0.00
1755826323,2025-08-21 21:32:03,0.5073,0.5074,0.00,0.00
1755826328,2025-08-21 21:32:08,0.5073,0.5074,0.00,0.00
1755826329,2025-08-21 21:32:09,0.5073,0.5074,0.00,0.00
1755826335,2025-08-21 21:32:15,0.5074,0.5075,0.00,0.00
1755826336,2025-08-21 21:32:16,0.5074,0.5075,0.00,0.00
1755826341,2025-08-21 21:32:21,0.5073,0.5074,0.00,0.00
1755826342,2025-08-21 21:32:22,0.5073,0.5074,0.00,0.00
1755826347,2025-08-21 21:32:27,0.5073,0.5074,0.00,0.00
1755826348,2025-08-21 21:32:28,0.5073,0.5074,0.00,0.00
1755826353,2025-08-21 21:32:33,0.5072,0.5073,0.00,0.00
1755826354,2025-08-21 21:32:34,0.5072,0.5073,0.00,0.00
1755826360,2025-08-21 21:32:40,0.5071,0.5072,0.00,0.00
1755826361,2025-08-21 21:32:41,0.5071,0.5072,0.00,0.00
1755826366,2025-08-21 21:32:46,0.5068,0.5069,0.00,0.00
1755826367,2025-08-21 21:32:47,0.5068,0.5069,0.00,0.00
1755826372,2025-08-21 21:32:52,0.5070,0.5071,0.00,0.00
1755826373,2025-08-21 21:32:53,0.5070,0.5071,0.00,0.00
1755826378,2025-08-21 21:32:58,0.5069,0.5070,0.00,0.00
1755826379,2025-08-21 21:32:59,0.5069,0.5070,0.00,0.00
1755826384,2025-08-21 21:33:04,0.5071,0.5072,0.00,0.00
1755826385,2025-08-21 21:33:05,0.5071,0.5072,0.00,0.00
1755826390,2025-08-21 21:33:10,0.5067,0.5068,0.00,0.00
1755826391,2025-08-21 21:33:11,0.5067,0.5068,0.00,0.00
1755826397,2025-08-21 21:33:17,0.5067,0.5068,0.00,0.00
1755826398,2025-08-21 21:33:18,0.5065,0.5066,0.00,0.00
1755826403,2025-08-21 21:33:23,0.5067,0.5068,0.00,0.00
1755826404,2025-08-21 21:33:24,0.5067,0.5068,0.00,0.00
1755826409,2025-08-21 21:33:29,0.5068,0.5069,0.00,0.00
1755826410,2025-08-21 21:33:30,0.5068,0.5069,0.00,0.00
1755826415,2025-08-21 21:33:35,0.5068,0.5069,0.00,0.00
1755826416,2025-08-21 21:33:36,0.5068,0.5069,0.00,0.00
1755826421,2025-08-21 21:33:41,0.5068,0.5070,0.00,0.00
1755826422,2025-08-21 21:33:42,0.5068,0.5070,0.00,0.00
1755826427,2025-08-21 21:33:47,0.5069,0.5070,0.00,0.00
1755826428,2025-08-21 21:33:48,0.5069,0.5070,0.00,0.00
1755826433,2025-08-21 21:33:53,0.5071,0.5072,0.00,0.00
1755826434,2025-08-21 21:33:54,0.5071,0.5072,0.00,0.00
1755826439,2025-08-21 21:33:59,0.5072,0.5073,0.00,0.00
1755826441,2025-08-21 21:34:01,0.5072,0.5073,0.00,0.00
1755826446,2025-08-21 21:34:06,0.5073,0.5074,0.00,0.00
1755826447,2025-08-21 21:34:07,0.5073,0.5074,0.00,0.00
1755826452,2025-08-21 21:34:12,0.5075,0.5076,0.00,0.00
1755826453,2025-08-21 21:34:13,0.5075,0.5076,0.00,0.00
1755826458,2025-08-21 21:34:18,0.5078,0.5079,0.00,0.00
1755826459,2025-08-21 21:34:19,0.5078,0.5079,0.00,0.00
1755826465,2025-08-21 21:34:25,0.5077,0.5078,0.00,0.00
1755826466,2025-08-21 21:34:26,0.5077,0.5078,0.00,0.00
1755826471,2025-08-21 21:34:31,0.5077,0.5078,0.00,0.00
1755826472,2025-08-21 21:34:32,0.5077,0.5078,0.00,0.00
1755826477,2025-08-21 21:34:37,0.5080,0.5081,0.00,0.00
1755826478,2025-08-21 21:34:38,0.5080,0.5081,0.00,0.00
1755826483,2025-08-21 21:34:43,0.5080,0.5081,0.00,0.00
1755826484,2025-08-21 21:34:44,0.5080,0.5081,0.00,0.00
1755826490,2025-08-21 21:34:50,0.5080,0.5081,0.00,0.00
1755826491,2025-08-21 21:34:51,0.5080,0.5081,0.00,0.00
1755826496,2025-08-21 21:34:56,0.5081,0.5082,0.00,0.00
1755826497,2025-08-21 21:34:57,0.5081,0.5082,0.00,0.00
1755826502,2025-08-21 21:35:02,0.5081,0.5082,0.00,0.00
1755826503,2025-08-21 21:35:03,0.5081,0.5082,0.00,0.00
1755826509,2025-08-21 21:35:09,0.5081,0.5082,0.00,0.00
1755826510,2025-08-21 21:35:10,0.5083,0.5084,0.00,0.00
1755826515,2025-08-21 21:35:15,0.5086,0.5087,0.00,0.00
1755826516,2025-08-21 21:35:16,0.5086,0.5087,0.00,0.00
1755826521,2025-08-21 21:35:21,0.5085,0.5086,0.00,0.00
1755826522,2025-08-21 21:35:22,0.5085,0.5086,0.00,0.00
1755826527,2025-08-21 21:35:27,0.5085,0.5086,0.00,0.00
1755826529,2025-08-21 21:35:29,0.5085,0.5086,0.00,0.00
1755826534,2025-08-21 21:35:34,0.5086,0.5088,0.00,0.00
1755826535,2025-08-21 21:35:35,0.5086,0.5088,0.00,0.00
1755826541,2025-08-21 21:35:41,0.5088,0.5089,0.00,0.00
1755826542,2025-08-21 21:35:42,0.5088,0.5089,0.00,0.00
1755826547,2025-08-21 21:35:47,0.5090,0.5091,0.00,0.00
1755826548,2025-08-21 21:35:48,0.5090,0.5091,0.00,0.00
1755826553,2025-08-21 21:35:53,0.5089,0.5090,0.00,0.00
1755826554,2025-08-21 21:35:54,0.5091,0.5092,0.00,0.00
1755826559,2025-08-21 21:35:59,0.5091,0.5092,0.00,0.00
1755826560,2025-08-21 21:36:00,0.5091,0.5092,0.00,0.00
1755826565,2025-08-21 21:36:05,0.5088,0.5089,0.00,0.00
1755826566,2025-08-21 21:36:06,0.5088,0.5089,0.00,0.00
1755826572,2025-08-21 21:36:12,0.5087,0.5088,0.00,0.00
1755826573,2025-08-21 21:36:13,0.5087,0.5088,0.00,0.00
1755826578,2025-08-21 21:36:18,0.5085,0.5086,0.00,0.00
1755826579,2025-08-21 21:36:19,0.5085,0.5086,0.00,0.00
1755826584,2025-08-21 21:36:24,0.5082,0.5083,0.00,0.00
1755826585,2025-08-21 21:36:25,0.5082,0.5083,0.00,0.00
1755826590,2025-08-21 21:36:30,0.5082,0.5083,0.00,0.00
1755826591,2025-08-21 21:36:31,0.5082,0.5083,0.00,0.00
1755826596,2025-08-21 21:36:36,0.5082,0.5083,0.00,0.00
1755826597,2025-08-21 21:36:37,0.5082,0.5083,0.00,0.00
1755826603,2025-08-21 21:36:43,0.5082,0.5083,0.00,0.00
1755826604,2025-08-21 21:36:44,0.5082,0.5083,0.00,0.00
1755826609,2025-08-21 21:36:49,0.5083,0.5084,0.00,0.00
1755826610,2025-08-21 21:36:50,0.5083,0.5084,0.00,0.00
1755826615,2025-08-21 21:36:55,0.5086,0.5087,0.00,0.00
1755826616,2025-08-21 21:36:56,0.5086,0.5087,0.00,0.00
1755826622,2025-08-21 21:37:02,0.5087,0.5088,0.00,0.00
1755826623,2025-08-21 21:37:03,0.5087,0.5088,0.00,0.00
1755826628,2025-08-21 21:37:08,0.5087,0.5088,0.00,0.00
1755826629,2025-08-21 21:37:09,0.5087,0.5088,0.00,0.00
1755826634,2025-08-21 21:37:14,0.5088,0.5089,0.00,0.00
1755826635,2025-08-21 21:37:15,0.5088,0.5089,0.00,0.00
1755826640,2025-08-21 21:37:20,0.5090,0.5091,0.00,0.00
1755826641,2025-08-21 21:37:21,0.5090,0.5091,0.00,0.00
1755826646,2025-08-21 21:37:26,0.5091,0.5092,0.00,0.00
1755826647,2025-08-21 21:37:27,0.5091,0.5092,0.00,0.00
1755826653,2025-08-21 21:37:33,0.5091,0.5092,0.00,0.00
1755826654,2025-08-21 21:37:34,0.5091,0.5092,0.00,0.00
1755826659,2025-08-21 21:37:39,0.5092,0.5093,0.00,0.00
1755826660,2025-08-21 21:37:40,0.5092,0.5093,0.00,0.00
1755826665,2025-08-21 21:37:45,0.5092,0.5093,0.00,0.00
1755826666,2025-08-21 21:37:46,0.5092,0.5093,0.00,0.00
1755826671,2025-08-21 21:37:51,0.5093,0.5094,0.00,0.00
1755826672,2025-08-21 21:37:52,0.5093,0.5094,0.00,0.00
1755826677,2025-08-21 21:37:57,0.5093,0.5095,0.00,0.00
1755826678,2025-08-21 21:37:58,0.5093,0.5095,0.00,0.00
1755826684,2025-08-21 21:38:04,0.5092,0.5093,0.00,0.00
1755826685,2025-08-21 21:38:05,0.5092,0.5093,0.00,0.00
1755826690,2025-08-21 21:38:10,0.5093,0.5094,0.00,0.00
1755826691,2025-08-21 21:38:11,0.5093,0.5094,0.00,0.00
1755826696,2025-08-21 21:38:16,0.5094,0.5095,0.00,0.00
1755826698,2025-08-21 21:38:18,0.5094,0.5095,0.00,0.00
1755826703,2025-08-21 21:38:23,0.5090,0.5091,0.00,0.00
1755826704,2025-08-21 21:38:24,0.5090,0.5091,0.00,0.00
1755826709,2025-08-21 21:38:29,0.5089,0.5090,0.00,0.00
1755826711,2025-08-21 21:38:31,0.5089,0.5090,0.00,0.00
1755826716,2025-08-21 21:38:36,0.5086,0.5087,0.00,0.00
1755826717,2025-08-21 21:38:37,0.5086,0.5087,0.00,0.00
1755826722,2025-08-21 21:38:42,0.5086,0.5087,0.00,0.00
1755826723,2025-08-21 21:38:43,0.5087,0.5088,0.00,0.00
1755826728,2025-08-21 21:38:48,0.5087,0.5088,0.00,0.00
1755826729,2025-08-21 21:38:49,0.5085,0.5087,0.00,0.00
1755826734,2025-08-21 21:38:54,0.5085,0.5087,0.00,0.00
1755826735,2025-08-21 21:38:55,0.5086,0.5087,0.00,0.00
1755826740,2025-08-21 21:39:00,0.5086,0.5087,0.00,0.00
1755826741,2025-08-21 21:39:01,0.5085,0.5086,0.00,0.00
1755826747,2025-08-21 21:39:07,0.5086,0.5087,0.00,0.00
1755826748,2025-08-21 21:39:08,0.5086,0.5087,0.00,0.00
1755826753,2025-08-21 21:39:13,0.5087,0.5088,0.00,0.00
1755826754,2025-08-21 21:39:14,0.5087,0.5088,0.00,0.00
1755826759,2025-08-21 21:39:19,0.5086,0.5087,0.00,0.00
1755826760,2025-08-21 21:39:20,0.5086,0.5087,0.00,0.00
1755826766,2025-08-21 21:39:26,0.5086,0.5087,0.00,0.00
1755826767,2025-08-21 21:39:27,0.5086,0.5087,0.00,0.00
1755826772,2025-08-21 21:39:32,0.5086,0.5087,0.00,0.00
1755826774,2025-08-21 21:39:34,0.5086,0.5087,0.00,0.00
1755826779,2025-08-21 21:39:39,0.5084,0.5086,0.00,0.00
1755826780,2025-08-21 21:39:40,0.5084,0.5086,0.00,0.00
1755826785,2025-08-21 21:39:45,0.5086,0.5087,0.00,0.00
1755826786,2025-08-21 21:39:46,0.5086,0.5087,0.00,0.00
1755826791,2025-08-21 21:39:51,0.5088,0.5089,0.00,0.00
1755826792,2025-08-21 21:39:52,0.5088,0.5089,0.00,0.00
1755826798,2025-08-21 21:39:58,0.5089,0.5090,0.00,0.00
1755826799,2025-08-21 21:39:59,0.5089,0.5090,0.00,0.00
1755826804,2025-08-21 21:40:04,0.5089,0.5090,0.00,0.00
1755826805,2025-08-21 21:40:05,0.5089,0.5090,0.00,0.00
1755826810,2025-08-21 21:40:10,0.5089,0.5090,0.00,0.00
1755826811,2025-08-21 21:40:11,0.5089,0.5090,0.00,0.00
1755826817,2025-08-21 21:40:17,0.5089,0.5090,0.00,0.00
1755826818,2025-08-21 21:40:18,0.5089,0.5090,0.00,0.00
1755826823,2025-08-21 21:40:23,0.5089,0.5090,0.00,0.00
1755826824,2025-08-21 21:40:24,0.5089,0.5090,0.00,0.00
1755826829,2025-08-21 21:40:29,0.5091,0.5092,0.00,0.00
1755826830,2025-08-21 21:40:30,0.5091,0.5092,0.00,0.00
1755826835,2025-08-21 21:40:35,0.5091,0.5092,0.00,0.00
1755826836,2025-08-21 21:40:36,0.5091,0.5092,0.00,0.00
1755826842,2025-08-21 21:40:42,0.5092,0.5093,0.00,0.00
1755826843,2025-08-21 21:40:43,0.5092,0.5093,0.00,0.00
1755826848,2025-08-21 21:40:48,0.5089,0.5090,0.00,0.00
1755826849,2025-08-21 21:40:49,0.5089,0.5090,0.00,0.00
1755826854,2025-08-21 21:40:54,0.5086,0.5087,0.00,0.00
1755826855,2025-08-21 21:40:55,0.5086,0.5087,0.00,0.00
1755826860,2025-08-21 21:41:00,0.5086,0.5087,0.00,0.00
1755826861,2025-08-21 21:41:01,0.5085,0.5086,0.00,0.00
1755826867,2025-08-21 21:41:07,0.5086,0.5087,0.00,0.00
1755826868,2025-08-21 21:41:08,0.5086,0.5087,0.00,0.00
1755826873,2025-08-21 21:41:13,0.5083,0.5084,0.00,0.00
1755826874,2025-08-21 21:41:14,0.5083,0.5084,0.00,0.00
1755826879,2025-08-21 21:41:19,0.5083,0.5084,0.00,0.00
1755826880,2025-08-21 21:41:20,0.5083,0.5084,0.00,0.00
1755826885,2025-08-21 21:41:25,0.5084,0.5085,0.00,0.00
1755826886,2025-08-21 21:41:26,0.5084,0.5085,0.00,0.00
1755826892,2025-08-21 21:41:32,0.5086,0.5087,0.00,0.00
1755826893,2025-08-21 21:41:33,0.5086,0.5087,0.00,0.00
1755826898,2025-08-21 21:41:38,0.5086,0.5088,0.00,0.00
1755826899,2025-08-21 21:41:39,0.5086,0.5088,0.00,0.00
1755826905,2025-08-21 21:41:45,0.5086,0.5087,0.00,0.00
1755826906,2025-08-21 21:41:46,0.5086,0.5087,0.00,0.00
1755826911,2025-08-21 21:41:51,0.5086,0.5087,0.00,0.00
1755826912,2025-08-21 21:41:52,0.5086,0.5087,0.00,0.00
1755826917,2025-08-21 21:41:57,0.5087,0.5088,0.00,0.00
1755826918,2025-08-21 21:41:58,0.5087,0.5088,0.00,0.00
1755826923,2025-08-21 21:42:03,0.5087,0.5088,0.00,0.00
1755826924,2025-08-21 21:42:04,0.5087,0.5088,0.00,0.00
1755826929,2025-08-21 21:42:09,0.5088,0.5089,0.00,0.00
1755826930,2025-08-21 21:42:10,0.5088,0.5089,0.00,0.00
1755826935,2025-08-21 21:42:15,0.5087,0.5088,0.00,0.00
1755826936,2025-08-21 21:42:16,0.5087,0.5088,0.00,0.00
1755826941,2025-08-21 21:42:21,0.5090,0.5091,0.00,0.00
1755826943,2025-08-21 21:42:23,0.5090,0.5091,0.00,0.00
1755826948,2025-08-21 21:42:28,0.5090,0.5091,0.00,0.00
1755826949,2025-08-21 21:42:29,0.5090,0.5091,0.00,0.00
1755826954,2025-08-21 21:42:34,0.5091,0.5092,0.00,0.00
1755826955,2025-08-21 21:42:35,0.5091,0.5092,0.00,0.00
1755826960,2025-08-21 21:42:40,0.5091,0.5092,0.00,0.00
1755826961,2025-08-21 21:42:41,0.5091,0.5092,0.00,0.00
1755826967,2025-08-21 21:42:47,0.5092,0.5093,0.00,0.00
1755826968,2025-08-21 21:42:48,0.5092,0.5093,0.00,0.00
1755826973,2025-08-21 21:42:53,0.5092,0.5093,0.00,0.00
1755826974,2025-08-21 21:42:54,0.5092,0.5093,0.00,0.00
1755826979,2025-08-21 21:42:59,0.5093,0.5094,0.00,0.00
1755826980,2025-08-21 21:43:00,0.5093,0.5094,0.00,0.00
1755826985,2025-08-21 21:43:05,0.5094,0.5095,0.00,0.00
1755826986,2025-08-21 21:43:06,0.5094,0.5095,0.00,0.00
1755826992,2025-08-21 21:43:12,0.5092,0.5093,0.00,0.00
1755826993,2025-08-21 21:43:13,0.5092,0.5093,0.00,0.00
1755826998,2025-08-21 21:43:18,0.5092,0.5093,0.00,0.00
1755826999,2025-08-21 21:43:19,0.5092,0.5093,0.00,0.00
1755827004,2025-08-21 21:43:24,0.5095,0.5096,0.00,0.00
1755827005,2025-08-21 21:43:25,0.5094,0.5096,0.00,0.00
1755827011,2025-08-21 21:43:31,0.5094,0.5096,0.00,0.00
1755827012,2025-08-21 21:43:32,0.5094,0.5096,0.00,0.00
1755827017,2025-08-21 21:43:37,0.5093,0.5094,0.00,0.00
1755827018,2025-08-21 21:43:38,0.5093,0.5094,0.00,0.00
1755827024,2025-08-21 21:43:44,0.5094,0.5095,0.00,0.00
1755827025,2025-08-21 21:43:45,0.5094,0.5095,0.00,0.00
1755827030,2025-08-21 21:43:50,0.5094,0.5095,0.00,0.00
1755827031,2025-08-21 21:43:51,0.5094,0.5095,0.00,0.00
1755827036,2025-08-21 21:43:56,0.5096,0.5097,0.00,0.00
1755827037,2025-08-21 21:43:57,0.5096,0.5097,0.00,0.00
1755827042,2025-08-21 21:44:02,0.5096,0.5097,0.00,0.00
1755827043,2025-08-21 21:44:03,0.5096,0.5097,0.00,0.00
1755827048,2025-08-21 21:44:08,0.5096,0.5097,0.00,0.00
1755827050,2025-08-21 21:44:10,0.5096,0.5097,0.00,0.00
1755827055,2025-08-21 21:44:15,0.5096,0.5097,0.00,0.00
1755827056,2025-08-21 21:44:16,0.5096,0.5097,0.00,0.00
1755827061,2025-08-21 21:44:21,0.5096,0.5097,0.00,0.00
1755827062,2025-08-21 21:44:22,0.5096,0.5097,0.00,0.00
1755827068,2025-08-21 21:44:28,0.5096,0.5097,0.00,0.00
1755827069,2025-08-21 21:44:29,0.5096,0.5097,0.00,0.00
1755827074,2025-08-21 21:44:34,0.5093,0.5094,0.00,0.00
1755827075,2025-08-21 21:44:35,0.5096,0.5097,0.00,0.00
1755827080,2025-08-21 21:44:40,0.5097,0.5098,0.00,0.00
1755827081,2025-08-21 21:44:41,0.5097,0.5098,0.00,0.00
1755827087,2025-08-21 21:44:47,0.5097,0.5098,0.00,0.00
1755827088,2025-08-21 21:44:48,0.5097,0.5098,0.00,0.00
1755827095,2025-08-21 21:44:55,0.5096,0.5098,0.00,0.00
